
@article{desjardins_direct_2013,
	title = {Direct numerical and large-eddy simulation of primary atomization in complex geometries},
	volume = {23},
	issn = {1044-5110},
	language = {en},
	number = {11},
	urldate = {2014-05-30},
	journal = {Atomization and Sprays},
	author = {Desjardins, Olivier and McCaslin, Jeremy and Owkes, Mark and Brady, Peter},
	year = {2013},
	pages = {1001--1048},
}

@article{owkes_discontinuous_2013,
	title = {A discontinuous {G}alerkin conservative level set scheme for interface capturing in multiphase flows},
	volume = {249},
	issn = {0021-9991},
	number = {15},
	urldate = {2014-09-16},
	journal = {Journal of Computational Physics},
	author = {Owkes, Mark and Desjardins, Olivier},
	month = sep,
	year = {2013},
	pages = {275--302},
}

@article{owkes_computational_2014,
	title = {A computational framework for conservative, three-dimensional, unsplit, geometric transport with application to the volume-of-fluid ({VOF}) method},
	volume = {270},
	issn = {0021-9991},
	number = {1},
	urldate = {2014-05-06},
	journal = {Journal of Computational Physics},
	author = {Owkes, Mark and Desjardins, Olivier},
	month = aug,
	year = {2014},
	pages = {587--612},
}

@techreport{crashes_48,
  author = {National Center for Statistics and Analysis},
  title = {2016 fatal motor vehicle crashes: Overview},
  institution = {National Highway Traffic Safety Administration},
  year = {2017},
  number = {DOT HS 812 456},
  type = {Report}
}

@techreport{distracted_nhtsa_17,
  author = {National Center for Statistics and Analysis},
  title = {Distracted driving 2016},
  institution = {National Highway Traffic Safety Administration},
  year = {2017},
  number = {DOT HS 812 517},
  type = {Report}
}

@article{young_regan_distraction_2007,
	title = {Driver distraction: A review of the literature},
	volume = {270},
	issn = {0021-9991},
	number = {1},
	urldate = {2014-05-06},
	journal = {Journal of Computational Physics},
	author = {Owkes, Mark and Desjardins, Olivier},
	month = aug,
	year = {2014},
	pages = {587--612},
}

@techreport{harbluk_distraction_2002,
  author = {Harbulk, Joanne L. and Noy, Ian Y.},
  title = {The Impact of Cognitive Distraction on Driver Visual Behavior and Vehicle Control},
  institution = {Ergonomics Division, Road Safety Directorate and Vehicle Regulation Directorate},
  year = {2002},
  number = {13889 E},
  type = {Report}
}

@techreport{pew_smartphone,
  author = {Smith, Aaron and Page, Dana},
  title = {U.S. Smartphone Use in 2015},
  institution = {Pew Research Center},
  year = {2015},
  number = {202.419.4372},
  type = {Report}
}

@article{burnett2000turn,
  title={‘Turn right at the traffic lights’: The requirement for landmarks in vehicle navigation systems},
  author={Burnett, Gary},
  journal={The Journal of Navigation},
  volume={53},
  number={3},
  pages={499--510},
  year={2000},
  publisher={Cambridge University Press}
}

@article{regan2011driver,
  title={Driver distraction and driver inattention: Definition, relationship and taxonomy},
  author={Regan, Michael A and Hallett, Charlene and Gordon, Craig P},
  journal={Accident Analysis \& Prevention},
  volume={43},
  number={5},
  pages={1771--1781},
  year={2011},
  publisher={Elsevier}
}

@inproceedings{pettitt2005defining,
  title={Defining driver distraction},
  author={Pettitt, Michael and Burnett, Gary E and Stevens, Alan},
  booktitle={12th World Congress on Intelligent Transport SystemsITS AmericaITS JapanERTICO},
  year={2005}
}

@article{edquist2011effects,
  title={Effects of advertising billboards during simulated driving},
  author={Edquist, Jessica and Horberry, Tim and Hosking, Simon and Johnston, Ian},
  journal={Applied ergonomics},
  volume={42},
  number={4},
  pages={619--626},
  year={2011},
  publisher={Elsevier}
}

@article{bayly200812,
  title={12 Sources of Distraction inside the Vehicle and Their Effects on Driving Performance},
  author={Bayly, Megan and Young, Kristie L and Regan, Michael A},
  journal={Driver distraction: Theory, effects, and mitigation},
  pages={191},
  year={2008},
  publisher={CRC Press}
}

@article{reyes_influence_2004,
author = {L. Reyes, Michelle and Lee, John},
year = {2004},
month = {09},
pages = {},
title = {The Influence of IVIS Distractions on Tactical and Control Levels of Driving Performance},
volume = {48},
booktitle = {Proceedings of the Human Factors and Ergonomics Society Annual Meeting}
}

@article{birrell2011impact,
  title={The impact of smart driving aids on driving performance and driver distraction},
  author={Birrell, Stewart A and Young, Mark S},
  journal={Transportation research part F: traffic psychology and behaviour},
  volume={14},
  number={6},
  pages={484--493},
  year={2011},
  publisher={Elsevier}
}

@article{CHOUDHARY2017351,
title = "Modelling driver distraction effects due to mobile phone use on reaction time",
journal = "Transportation Research Part C: Emerging Technologies",
volume = "77",
pages = "351 - 365",
year = "2017",
issn = "0968-090X",
doi = "https://doi.org/10.1016/j.trc.2017.02.007",
url = "http://www.sciencedirect.com/science/article/pii/S0968090X17300475",
author = "Pushpa Choudhary and Nagendra R. Velaga",
keywords = "Driver distraction, Reaction time, Conversation, Texting, Survival analysis"
}

@inproceedings{leshed2008car,
  title={In-car gps navigation: engagement with and disengagement from the environment},
  author={Leshed, Gilly and Velden, Theresa and Rieger, Oya and Kot, Blazej and Sengers, Phoebe},
  booktitle={Proceedings of the SIGCHI Conference on Human Factors in Computing Systems},
  pages={1675--1684},
  year={2008},
  organization={ACM}
}

@article{harms2003peripheral,
  title={Peripheral detection as a measure of driver distraction. A study of memory-based versus system-based navigation in a built-up area},
  author={Harms, Lisbeth and Patten, Christopher},
  journal={Transportation Research Part F: Traffic Psychology and Behaviour},
  volume={6},
  number={1},
  pages={23--36},
  year={2003},
  publisher={Elsevier}
}

@article{tsimhoni2004address,
  title={Address entry while driving: Speech recognition versus a touch-screen keyboard},
  author={Tsimhoni, Omer and Smith, Daniel and Green, Paul},
  journal={Human factors},
  volume={46},
  number={4},
  pages={600--610},
  year={2004},
  publisher={Sage Publications Sage UK: London, England}
}

@inproceedings{walker1991vehicle,
  title={In-vehicle navigation devices: Effects on the safety of driver performance},
  author={Walker, Jonathan and Alicandri, Elizabeth and Sedney, Catherine and Roberts, King},
  booktitle={Vehicle Navigation and Information Systems Conference, 1991},
  volume={2},
  pages={499--525},
  year={1991},
  organization={IEEE}
}

@article{zaidel1997automatic,
  title={Automatic versus interactive vehicle navigation aids},
  author={Zaidel, David M and Noy, Y Ian},
  journal={Ergonomics and safety of intelligent driver interfaces},
  pages={287--307},
  year={1997},
  publisher={L. Erlbaum Associates Inc.}
}

@article{burnett1997assessment,
  title={An assessment of moving map and symbol-based route guidance systems},
  author={Burnett, Gary E and Joyner, SM},
  journal={Ergonomics and safety of intelligent driver interfaces},
  pages={115--137},
  year={1997},
  publisher={Lawrence Erlbaum Associates, Mahwah, NJ}
}

@article{may2005incorporating,
  title={Incorporating landmarks in driver navigation system design: An overview of results from the REGIONAL project},
  author={May, Andrew J and Ross, Tracy and Bayer, Steven H},
  journal={The Journal of Navigation},
  volume={58},
  number={1},
  pages={47--65},
  year={2005},
  publisher={Cambridge University Press}
}

@article{may2006presence,
  title={Presence and quality of navigational landmarks: effect on driver performance and implications for design},
  author={May, Andrew J and Ross, Tracy},
  journal={Human factors},
  volume={48},
  number={2},
  pages={346--361},
  year={2006},
  publisher={Sage Publications Sage CA: Los Angeles, CA}
}

@misc{schneider_2014, title={Mazal Tov! Google and Waze officially tie the knot}, url={http://www.geektime.com/2013/06/11/mazal-tov-google-and-waze-officially-tie-the-knot/}, journal={Geektime}, author={schneider, avi}, year={2014}, month={Oct}}

@misc{fingas_2018, title={Google Maps uses landmarks to provide natural-sounding directions}, url={https://www.engadget.com/2018/04/16/google-maps-uses-landmarks-for-directions/}, publisher={Engadget}, author={Fingas, Jon}, year={2018}, month={Apr}}

@inproceedings{sorrows1999nature,
  title={The nature of landmarks for real and electronic spaces},
  author={Sorrows, Molly E and Hirtle, Stephen C},
  booktitle={International Conference on Spatial Information Theory},
  pages={37--50},
  year={1999},
  organization={Springer}
}

@inproceedings{hile2008landmark,
  title={Landmark-based pedestrian navigation from collections of geotagged photos},
  author={Hile, Harlan and Vedantham, Ramakrishna and Cuellar, Gregory and Liu, Alan and Gelfand, Natasha and Grzeszczuk, Radek and Borriello, Gaetano},
  booktitle={Proceedings of the 7th international conference on mobile and ubiquitous multimedia},
  pages={145--152},
  year={2008},
  organization={ACM}
}

@inproceedings{beeharee2006natural,
  title={A natural wayfinding exploiting photos in pedestrian navigation systems},
  author={Beeharee, Ashweeni Kumar and Steed, Anthony},
  booktitle={Proceedings of the 8th conference on Human-computer interaction with mobile devices and services},
  pages={81--88},
  year={2006},
  organization={ACM}
}

@article{tolman1948cognitive,
  title={Cognitive maps in rats and men.},
  author={Tolman, Edward C},
  journal={Psychological review},
  volume={55},
  number={4},
  pages={189},
  year={1948},
  publisher={American Psychological Association}
}

@inproceedings{burnett2005effect,
  title={The effect of vehicle navigation systems on the formation of cognitive maps},
  author={Burnett, Gary E and Lee, Kate},
  booktitle={International conference of traffic and transport psychology},
  year={2005}
}

@incollection{elias2005automatic,
  title={Automatic generation and application of landmarks in navigation data sets},
  author={Elias, Birgit and Brenner, Claus},
  booktitle={Developments in spatial data handling},
  pages={469--480},
  year={2005},
  publisher={Springer}
}

@inproceedings{raubal2002enriching,
  title={Enriching wayfinding instructions with local landmarks},
  author={Raubal, Martin and Winter, Stephan},
  booktitle={International conference on geographic information science},
  pages={243--259},
  year={2002},
  organization={Springer}
}

@Book{saliency_dict,
    publisher = {Oxford University Press},
    author = {Salient.},
    title = {{The Oxford English Dictionary}},
    year = {2018},
}

@inproceedings{wenig2017pharos,
  title={Pharos: improving navigation instructions on smartwatches by including global landmarks},
  author={Wenig, Nina and Wenig, Dirk and Ernst, Steffen and Malaka, Rainer and Hecht, Brent and Sch{\"o}ning, Johannes},
  booktitle={Proceedings of the 19th International Conference on Human-Computer Interaction with Mobile Devices and Services},
  pages={7},
  year={2017},
  organization={ACM}
}

@inproceedings{harel2007graph,
  title={Graph-based visual saliency},
  author={Harel, Jonathan and Koch, Christof and Perona, Pietro},
  booktitle={Advances in neural information processing systems},
  pages={545--552},
  year={2007}
}

@incollection{winter2005focalizing,
  title={Focalizing measures of salience for wayfinding},
  author={Winter, Stephan and Raubal, Martin and Nothegger, Clemens},
  booktitle={Map-based mobile services},
  pages={125--139},
  year={2005},
  publisher={Springer}
}

@incollection{golledge2003human,
  title={Human wayfinding and cognitive maps},
  author={Golledge, Reginald G},
  booktitle={The Colonization of Unfamiliar Landscapes},
  pages={49--54},
  year={2003},
  publisher={Routledge}
}

@article{quesnot2012linked,
  title={Linked Landmark Data: Toward the Automatic Detection of Landmarks on the Web of Data},
  author={Quesnot, Teriitutea},
  journal={Advancing Geographic Information Science: The Past and Next Twenty Years},
  pages={227},
  year={2012},
  publisher={Lulu. com}
}

@article{quesnot2014measure,
  title={Measure of landmark semantic salience through geosocial data streams},
  author={Quesnot, Teriitutea and Roche, St{\'e}phane},
  journal={ISPRS International Journal of Geo-Information},
  volume={4},
  number={1},
  pages={1--31},
  year={2014},
  publisher={Multidisciplinary Digital Publishing Institute}
}

@inproceedings{klippel2005structural,
  title={Structural salience of landmarks for route directions},
  author={Klippel, Alexander and Winter, Stephan},
  booktitle={International Conference on Spatial Information Theory},
  pages={347--362},
  year={2005},
  organization={Springer}
}

@inproceedings{lee2003effect,
  title={The effect of motion in graphical user interfaces},
  author={Lee, Paul U and Klippel, Alexander and Tappe, Heike},
  booktitle={International Symposium on Smart Graphics},
  pages={12--21},
  year={2003},
  organization={Springer}
}

@article{roser2012structural,
  title={The structural salience of landmarks: results from an on-line study and a virtual environment experiment},
  author={R{\"o}ser, Florian and Hamburger, Kai and Krumnack, Antje and Knauff, Markus},
  journal={Journal of Spatial Science},
  volume={57},
  number={1},
  pages={37--50},
  year={2012},
  publisher={Taylor \& Francis}
}

@inproceedings{lovelace1999elements,
  title={Elements of good route directions in familiar and unfamiliar environments},
  author={Lovelace, Kristin L and Hegarty, Mary and Montello, Daniel R},
  booktitle={International conference on spatial information theory},
  pages={65--82},
  year={1999},
  organization={Springer}
}

@InProceedings{Pan_2016_CVPR,
author = {Pan, Junting and Sayrol, Elisa and Giro-i-Nieto, Xavier and McGuinness, Kevin and O'Connor, Noel E.},
title = {Shallow and Deep Convolutional Networks for Saliency Prediction},
booktitle = {The IEEE Conference on Computer Vision and Pattern Recognition (CVPR)},
month = {June},
year = {2016}
}

@inproceedings{imagenet_cvpr09,
        AUTHOR = {Deng, J. and Dong, W. and Socher, R. and Li, L.-J. and Li, K. and Fei-Fei, L.},
        TITLE = {{ImageNet: A Large-Scale Hierarchical Image Database}},
        BOOKTITLE = {CVPR09},
        YEAR = {2009},
        BIBSOURCE = "http://www.image-net.org/papers/imagenet_cvpr09.bib"}
        
@Article{Simonyan14c,
    author       = "Simonyan, K. and Zisserman, A.",
    title        = "Very Deep Convolutional Networks for Large-Scale Image Recognition",
    journal      = "CoRR",
    volume       = "abs/1409.1556",
    year         = "2014"
}

@inproceedings{kulkarni2011turkomatic,
  title={Turkomatic: automatic recursive task and workflow design for mechanical turk},
  author={Kulkarni, Anand P and Can, Matthew and Hartmann, Bjoern},
  booktitle={CHI'11 Extended Abstracts on Human Factors in Computing Systems},
  pages={2053--2058},
  year={2011},
  organization={ACM}
}

@article{may_ross_bayer_2005, title={Incorporating Landmarks in Driver Navigation System Design: An Overview of Results from the REGIONAL Project}, volume={58}, DOI={10.1017/S0373463304003054}, number={1}, journal={Journal of Navigation}, publisher={Cambridge University Press}, author={May, Andrew J. and Ross, Tracy and Bayer, Steven H.}, year={2005}, pages={47–65}}

@inproceedings{ren2015faster,
  title={Faster r-cnn: Towards real-time object detection with region proposal networks},
  author={Ren, Shaoqing and He, Kaiming and Girshick, Ross and Sun, Jian},
  booktitle={Advances in neural information processing systems},
  pages={91--99},
  year={2015}
}

@article{caduff2008assessment,
  title={On the assessment of landmark salience for human navigation},
  author={Caduff, David and Timpf, Sabine},
  journal={Cognitive processing},
  volume={9},
  number={4},
  pages={249--267},
  year={2008},
  publisher={Springer}
}

@article{goldberg2014word2vec,
  title={word2vec explained: Deriving mikolov et al.'s negative-sampling word-embedding method},
  author={Goldberg, Yoav and Levy, Omer},
  journal={arXiv preprint arXiv:1402.3722},
  year={2014}
}

@article{harris1954distributional,
  title={Distributional structure},
  author={Harris, Zellig S},
  journal={Word},
  volume={10},
  number={2-3},
  pages={146--162},
  year={1954},
  publisher={Taylor \& Francis}
}

@inproceedings{baroni2014don,
  title={Don't count, predict! A systematic comparison of context-counting vs. context-predicting semantic vectors},
  author={Baroni, Marco and Dinu, Georgiana and Kruszewski, Germ{\'a}n},
  booktitle={Proceedings of the 52nd Annual Meeting of the Association for Computational Linguistics (Volume 1: Long Papers)},
  volume={1},
  pages={238--247},
  year={2014}
}

@article{mikolov2013efficient,
  title={Efficient estimation of word representations in vector space},
  author={Mikolov, Tomas and Chen, Kai and Corrado, Greg and Dean, Jeffrey},
  journal={arXiv preprint arXiv:1301.3781},
  year={2013}
}

@software{word2vec,
  author = {{Google}},
  title = {Google News Corpus word2Vec Model},
  url = {https://code.google.com/archive/p/word2vec/},
  version = {0.20.2},
  date = {2015-01-30},
}

@software{reactNative,
  author = {{Facebook}},
  title = {React Native},
  url = {https://facebook.github.io/react-native/},
  version = {0.50},
  date = {2017-10-30},
}

@inproceedings{agarwal2015metric,
  title={Metric localization using google street view},
  author={Agarwal, Pratik and Burgard, Wolfram and Spinello, Luciano},
  booktitle={Intelligent Robots and Systems (IROS), 2015 IEEE/RSJ International Conference on},
  pages={3111--3118},
  year={2015},
  organization={IEEE}
}

@inproceedings{neubeck2006efficient,
  title={Efficient non-maximum suppression},
  author={Neubeck, Alexander and Van Gool, Luc},
  booktitle={Pattern Recognition, 2006. ICPR 2006. 18th International Conference on},
  volume={3},
  pages={850--855},
  year={2006},
  organization={IEEE}
}

@article{barnes2014priority,
  title={Priority-flood: An optimal depression-filling and watershed-labeling algorithm for digital elevation models},
  author={Barnes, Richard and Lehman, Clarence and Mulla, David},
  journal={Computers \& Geosciences},
  volume={62},
  pages={117--127},
  year={2014},
  publisher={Elsevier}
}

@article{roerdink2000watershed,
  title={The watershed transform: Definitions, algorithms and parallelization strategies},
  author={Roerdink, Jos BTM and Meijster, Arnold},
  journal={Fundamenta informaticae},
  volume={41},
  number={1, 2},
  pages={187--228},
  year={2000},
  publisher={IOS Press}
}

@article{otsu1979threshold,
  title={A threshold selection method from gray-level histograms},
  author={Otsu, Nobuyuki},
  journal={IEEE transactions on systems, man, and cybernetics},
  volume={9},
  number={1},
  pages={62--66},
  year={1979},
  publisher={IEEE}
}

@misc{sfIntersections,
author = {City of San Francisco},
title = {Street Intersections},
howpublished= {\urlhttps://data.sfgov.org/Geographic-Locations-and-Boundaries/Street-Intersections/ctsg-7znq/data}} 

@incollection{hart1988development,
  title={Development of NASA-TLX (Task Load Index): Results of empirical and theoretical research},
  author={Hart, Sandra G and Staveland, Lowell E},
  booktitle={Advances in psychology},
  volume={52},
  pages={139--183},
  year={1988},
  publisher={Elsevier}
}

@article{doi:10.1093/aje/kwr440,
author = {Simons-Morton, Bruce G. and Zhang, Zhiwei and Jackson, John C. and Albert, Paul S.},
title = {Do Elevated Gravitational-Force Events While Driving Predict Crashes and Near Crashes?},
journal = {American Journal of Epidemiology},
volume = {175},
number = {10},
pages = {1075-1079},
year = {2012},
doi = {10.1093/aje/kwr440},
URL = {http://dx.doi.org/10.1093/aje/kwr440},
eprint = {/oup/backfile/content_public/journal/aje/175/10/10.1093/aje/kwr440/2/kwr440.pdf}
}

@article{russakovsky2015imagenet,
  title={Imagenet large scale visual recognition challenge},
  author={Russakovsky, Olga and Deng, Jia and Su, Hao and Krause, Jonathan and Satheesh, Sanjeev and Ma, Sean and Huang, Zhiheng and Karpathy, Andrej and Khosla, Aditya and Bernstein, Michael and others},
  journal={International Journal of Computer Vision},
  volume={115},
  number={3},
  pages={211--252},
  year={2015},
  publisher={Springer}
}

@misc{vott,
  author = {Microsoft Corporation},
  title = {Visual Object Tagging Tool (VOTT)},
  year = {2018},
  publisher = {GitHub},
  journal = {GitHub repository},
  howpublished = {\url{https://github.com/Microsoft/VoTT}},
  commit = {df1160be825bd1ce62c13e2360471185308ddb7b}
}

@misc{opencv_2017, title={Image Segmentation with Watershed Algorithm}, url={https://docs.opencv.org/3.3.1/d3/db4/tutorial_py_watershed.html}, journal={OpenCV}, publisher={OpenCV}, year={2017}, month={Oct}}